@article{wallace1992jpeg,
  title={The {JPEG} still picture compression standard},
  author={Wallace, Gregory K},
  journal={IEEE transactions on consumer electronics},
  volume={38},
  number={1},
  pages={18--34},
  year={1992},
  publisher={IEEE}
}

@article{lewis1992image,
  title={Image compression using the {2-D} wavelet transform},
  author={Lewis, Adrian S and Knowles, G},
  journal={IEEE Transactions on image Processing},
  volume={1},
  number={2},
  pages={244--250},
  year={1992},
  publisher={IEEE}
}

@article{sullivan2005video,
  title={Video compression-from concepts to the {H. 264/AVC} standard},
  author={Sullivan, Gary J and Wiegand, Thomas},
  journal={Proceedings of the IEEE},
  volume={93},
  number={1},
  pages={18--31},
  year={2005},
  publisher={IEEE}
}

